@article{Abbott00_1178,
  author =       {Abbott, L. F. and Nelson, S. B.},
  journal =      {Nature Neuroscience},
  pages =        {1178--1183},
  title =        {Synaptic plasticity: taming the beast},
  volume =       {3},
  year =         {2000},
  doi = {10.1038/81453},
}

@article{Bachmann20_e1007790,
  author = 	 {Bachmann, Claudia and Tetzlaff, Tom and Duarte, Renato and Morrison, Abigail},
  title = 	 {Firing rate homeostasis counteracts changes in stability of recurrent neural networks caused by synapse loss in {A}lzheimer's disease},
  journal = 	 {PLoS Computational Biology},
  volume =       16,
  number =       8,
  year = 	 2020,
  pages = 	 {e1007790},
  doi =          {10.1371/journal.pcbi.1007790},
}

@article{Brunel00_183,
  author =       {Brunel, Nicolas},
  journal =      {Journal of Computional Neuroscience},
  number =       {3},
  pages =        {183--208},
  title =        {Dynamics of sparsely connected networks of excitatory and inhibitory spiking neurons},
  volume =       {8},
  year =         {2000},
  doi = {10.1023/a:1008925309027},
}

@article{Butz13_e1003259,
  title={A simple rule for dendritic spine and axonal bouton formation can account for cortical reorganization after focal retinal lesions},
  author={Butz, Markus and van Ooyen, Arjen},
  journal={PLoS Computational Biology},
  volume={9},
  number={10},
  pages={e1003259},
  year={2013},
  doi = {10.1371/journal.pcbi.1003259}
}

@article{Fu11_177,
  author =       {Fu, Min and Zuo, Yi},
  journal =      {Trends in Neuroscience},
  number =       4,
  pages =        {177--187},
  title =        {Experience-dependent structural plasticity in the cortex},
  volume =       34,
  year =         2011
}

@article{Gallinaro18_3,
  doi = {10.1038/s41598-018-22077-3},
  year = {2018},
  volume = {8},
  number = {1},
  author = {J{\'{u}}lia V. Gallinaro and Stefan Rotter},
  title = {Associative properties of structural plasticity based on firing rate homeostasis in recurrent neuronal networks},
  journal = {Scientific Reports}
}

@article{Gallinaro22_e1009836,
  doi = {10.1371/journal.pcbi.1009836},
  year = {2022},
  volume = {18},
  number = {2},
  pages = {e1009836},
  author = {J{\'{u}}lia V. Gallinaro and Neboj{\v{s}}a Ga{\v{s}}parovi{\'{c}} and Stefan Rotter},
  title = {Homeostatic control of synaptic rewiring in recurrent networks induces the formation of stable memory engrams},
  journal = {PloS Computational Biology}
}

@article{Hartmann15_e1004640,
  title={Whereâ€™s the noise? Key features of spontaneous activity and neural variability arise through learning in a deterministic network},
  author={Hartmann, Christoph and Lazar, Andreea and Nessler, Bernhard and Triesch, Jochen},
  journal={PLoS Computational Biology},
  volume=11,
  number=12,
  pages={e1004640},
  year=2015
}

@article{Hennequin17_557,
  title   = {Inhibitory plasticity: balance, control, and codependence},
  author  = {Hennequin, Guillaume and Agnes, Everton J and Vogels, Tim P},
  journal = {Annual review of Neuroscience},
  volume  = 40,
  pages   = {557--579},
  year    = 2017,
  doi     = {10.1146/annurev-neuro-072116-031005}
}

@article{Markram2015_456,
  title =        {Reconstruction and simulation of neocortical microcircuitry},
  author =       {Henry Markram and Eilif Muller and Srikanth Ramaswamy and Michael~W. Reimann and Marwan Abdellah and Carlos~Aguado Sanchez and Anastasia Ailamaki and Lidia Alonso-Nanclares and Nicolas Antille and Selim Arsever and Guy~Antoine~Atenekeng Kahou and Thomas~K. Berger and Ahmet Bilgili and Nenad Buncic and Athanassia Chalimourda and Giuseppe Chindemi and Jean-Denis Courcol and Fabien Delalondre and Vincent Delattre and Shaul Druckmann and Raphael Dumusc and James Dynes and Stefan Eilemann and Eyal Gal and Michael~Emiel Gevaert and Jean-Pierre Ghobril and Albert Gidon and Joe~W. Graham and Anirudh Gupta and Valentin Haenel and Etay Hay and Thomas Heinis and Juan~B. Hernando and Michael Hines and Lida Kanari and Daniel Keller and John Kenyon and Georges Khazen and Yihwa Kim and James~G. King and Zoltan Kisvarday and Pramod Kumbhar and S{\'{e}}bastien Lasserre and Jean-Vincent Le~B{\'{e}} and Bruno~R.C. Magalh{\~{a}}es and Angel Merch{\'{a}}n-P{\'{e}}rez and Julie Meystre and Benjamin~Roy Morrice and Jeffrey Muller and Alberto Mu{\~{n}}oz-C{\'{e}}spedes and Shruti Muralidhar and Keerthan Muthurasa and Daniel Nachbaur and Taylor~H. Newton and Max Nolte and Aleksandr Ovcharenko and Juan Palacios and Luis Pastor and Rodrigo Perin and Rajnish Ranjan and Imad Riachi and Jos{\'{e}}-Rodrigo Rodr{\'{\i}}guez and Juan~Luis Riquelme and Christian R\"{o}ssert and Konstantinos Sfyrakis and Ying Shi and Julian~C. Shillcock and Gilad Silberberg and Ricardo Silva and Farhan Tauheed and Martin Telefont and Maria Toledo-Rodriguez and Thomas Tr\"{a}nkler and Werner Van~Geit and Jafet~Villafranca D{\'{\i}}az and Richard Walker and Yun Wang and Stefano~M. Zaninetta and Javier DeFelipe and Sean~L. Hill and Idan Segev and Felix Sch\"{u}rmann},
  journal =      {Cell},
  volume =       {163},
  number =       {2},
  pages =        {456--492},
  year =         {2015},
  doi = {10.1016/j.cell.2015.09.029},
}

@article{Morrison07_1437,
  author =       {Morrison, A. and Aertsen, A. and Diesmann, M.},
  journal =      {Neural Computation},
  pages =        {1437--1467},
  title =        {Spike-Timing Dependent Plasticity in Balanced Random Networks},
  volume =       {19},
  year =         {2007},
  doi = {10.1162/neco.2007.19.6.1437},
}

@article{Naude12_e1002349,
  title={A theory of rate coding control by intrinsic plasticity effects},
  author={Naud{\'e}, J{\'e}r{\'e}mie and Paz, Jeanne T and Berry, Hugues and Delord, Bruno},
  journal={PLoS Computational Biology},
  volume={8},
  number={1},
  pages={e1002349},
  year={2012},
}

@article{Tetzlaff11_47,
  title={Synaptic scaling in combination with many generic plasticity mechanisms stabilizes circuit connectivity},
  author={Tetzlaff, Christian and Kolodziejski, Christoph and Timme, Marc and W{\"o}rg{\"o}tter, Florentin},
  journal={Frontiers in Computational Neuroscience},
  volume={5},
  pages={47},
  year={2011},
}

@article{Tsodyks97,
  author =       {Tsodyks, Misha V. and Markram, Henry},
  journal =      {Proceedings of the National Academy of Sciences USA},
  pages =        {719--723},
  title =        {The neural code between neocortical pyramidal neurons depends on neurotransmitter release probability},
  volume =       94,
  year =         1997
}

@article{Watt10_1486,
  title={Homeostatic plasticity and STDP: keeping a neuron's cool in a fluctuating world},
  author={Watt, Alanna J and Desai, Niraj S},
  journal={Frontiers in Synaptic Neuroscience},
  volume={2},
  pages={1486},
  year={2010},
}