@article{Brunel00_183,
  author =       {Brunel, Nicolas},
  journal =      {Journal of Computional Neuroscience},
  number =       {3},
  pages =        {183--208},
  title =        {Dynamics of sparsely connected networks of excitatory and inhibitory spiking neurons},
  volume =       {8},
  year =         {2000},
  doi = {10.1023/a:1008925309027},
}

@article{Butz13_e1003259,
  title={A simple rule for dendritic spine and axonal bouton formation can account for cortical reorganization after focal retinal lesions},
  author={Butz, Markus and van Ooyen, Arjen},
  journal={PLoS Computational Biology},
  volume={9},
  number={10},
  pages={e1003259},
  year={2013},
  doi = {10.1371/journal.pcbi.1003259}
}

@article{Helias12_26,
  author =       {Helias, Moritz and Kunkel, Susanne and Masumoto, Gen and Igarashi, Jun and Eppler, Jochen Martin and Ishii, Shin and Fukai, Tomoki and Morrison, Abigail and Diesmann, Markus},
  doi =          {10.3389/fninf.2012.00026},
  journal =      {Frontiers in Neuroinformatics},
  pages =        26,
  title =        {Supercomputers ready for use as discovery machines for neuroscience},
  volume =       6,
  year =         2012
}

@article{Ippen2017_30,
  title={Constructing neuronal network models in massively parallel environments},
  author={Ippen, Tammo and Eppler, Jochen Martin and Plesser, Hans Ekkehard and Diesmann, Markus},
  journal={Frontiers in Neuroinformatics},
  volume={11},
  pages={30},
  doi={10.3389/fninf.2017.00030},
  year={2017},
}

@article{Jordan18_2,
  year =	 2018,
  volume =	 12,
  pages =	 2,
  author =	 {Jakob Jordan and Tammo Ippen and Moritz Helias and
                  Itaru Kitayama and Mitsuhisa Sato and Jun Igarashi
                  and Markus Diesmann and Susanne Kunkel},
  title =	 {Extremely Scalable Spiking Neuronal Network
                  Simulation Code: From Laptops to Exascale Computers},
  journal =	 {Frontiers in Neuroinformatics},
  doi =		 {10.3389/fninf.2018.00002},

}

@misc{Nest340,
  doi = {10.5281/ZENODO.6867799},
  url = {https://zenodo.org/record/6867799},
  author = {Sinha,  Ankur and de Schepper,  Robin and Pronold,  Jari and Mitchell,  Jessica and M{\o}rk,  H{\aa}kon and Nagendra Babu,  Pooja and Eppler,  Jochen Martin and Lober,  Melissa and Linssen,  Charl and Terhorst,  Dennis and Benelhedi,  Mohamed Ayssar and Morrison,  Abigail and Wybo,  Willem and Trensch,  Guido and Deepu,  Rajalekshmi and Haug,  Nicolai and Kurth,  Anno and Vennemo,  Stine Brekke and Graber,  Steffen and Spreizer,  Sebastian and Gille,  Johannes and Vogelsang,  Jan and Kr\"{u}ger,  Marcel and Plesser,  Hans Ekkehard},
  title = {{NEST} 3.4},
  publisher = {Zenodo},
  year = {2023},
  copyright = {GNU General Public License v2.0 or later}
}

@article{Senk22_e1010086,
  author =	 {Senk, Johanna and Kriener, Birgit and Djurfeldt,
                  Mikael and Voges, Nicole and Jiang, Han-Jia and
                  Sch\"uttler, Lisa and Gramelsberger, Gabriele and
                  Diesmann, Markus and Plesser, Hans E. and van
                  Albada, Sacha J.},
  title =	 {Connectivity Concepts in Neuronal Network Modeling},
  doi = {10.1371/journal.pcbi.1010086},
  journal =	 {PLoS Computational Biology},
  volume =	 18,
  number =	 9,
  pages =	 {e1010086},
  year =	 2022
}
